<?xml version="1.0" encoding="UTF-8"?><collection xmlns="http://www.loc.gov/MARC21/slim"><record><leader>00456nam--2200145-i-4500</leader><controlfield tag="001">000009866</controlfield><controlfield tag="002">20161230</controlfield><controlfield tag="005">20170210115544</controlfield><controlfield tag="008">060222s1000------------r-----000-0-eng-d</controlfield><datafield ind1=" " ind2=" " tag="100"><subfield code="a">Colin, Michel</subfield></datafield><datafield ind1=" " ind2=" " tag="245"><subfield code="a">Action de l hydrogene et du deuterium sur les coposes d insertion du graphite avec les metau x alcalines lourds</subfield><subfield code="b">these</subfield></datafield><datafield ind1=" " ind2=" " tag="260"><subfield code="a">Nancy</subfield><subfield code="b">Faculte Des Sciences</subfield><subfield code="c">1970</subfield></datafield><datafield ind1=" " ind2=" " tag="300"><subfield code="a">66 p.+annex</subfield></datafield><datafield ind1=" " ind2=" " tag="852"><subfield code="a">621.039.3</subfield></datafield><datafield ind1=" " ind2=" " tag="CAT"><subfield code="a">SYS</subfield><subfield code="c">20170210</subfield><subfield code="h">115544</subfield></datafield></record></collection>